@InProceedings{kolovos2006eol,
	author="Kolovos, Dimitrios S.
	and Paige, Richard F.
	and Polack, Fiona A. C.",
	editor="Rensink, Arend
	and Warmer, Jos",
	title="The Epsilon Object Language (EOL)",
	booktitle="Model Driven Architecture -- Foundations and Applications",
	year="2006",
	publisher="Springer Berlin Heidelberg",
	address="Berlin, Heidelberg",
	pages="128--142",
	isbn="978-3-540-35910-4"
}

@inproceedings{yohannis2019towards,
	author    = {Alfa Yohannis and
	Alfonso de la Vega and
	Delaram Kahrobaei and
	Dimitris S. Kolovos},
	editor    = {Esther Guerra and
	Ludovico Iovino},
	title     = {Towards model-based development of decentralised peer-to-peer data
	vaults},
	booktitle = {{MODELS} '20: {ACM/IEEE} 23rd International Conference on Model Driven
	Engineering Languages and Systems, Virtual Event, Canada, 18-23 October,
	2020, Companion Proceedings},
	pages     = {54:1--54:8},
	publisher = {{ACM}},
	year      = {2020},
	url       = {https://doi.org/10.1145/3417990.3420043},
	doi       = {10.1145/3417990.3420043},
	timestamp = {Thu, 29 Oct 2020 13:29:50 +0100},
	biburl    = {https://dblp.org/rec/conf/models/YohannisVKK20.bib},
	bibsource = {dblp computer science bibliography, https://dblp.org}
}

@article{GDPR,
	title = "Regulation (EU) 2016/679 of the European Parliament and of the Council of 27 April 2016 on the protection of natural persons with regard to the processing of personal data and on the free movement of such data, and repealing Directive 95/46/EC (General Data Protection Regulation) ",
	url = "https://eur-lex.europa.eu/legal-content/EN/TXT/?uri=OJ:L:2016:119:TOC",
	journal = "Official Journal of the European Union",
	volume = 59,
	author = {{European}},
	date = "4",
	month = "May",
	year =  "2016"
	
}

@misc{cambridgeanalytica,
	title={{Revealed: 50 million Facebook profiles harvested for Cambridge Analytica in major data breach}},
	author={Cadwalladr, Carole and Graham-Harrison,Emma},
	journal={{The Guardian}},
	howpublished=
	{\url{https://www.theguardian.com/news/2018/mar/17/cambridge-analytica-facebook-influence-us-election}},
	year={2018},
	note =	{Date accessed: 2021-09-09}
}

@misc{adobebreach,
	title={{Adobe Breach Impacted At Least 38 Million Users}},
	author={Brian Krebs},
	journal={{KrebsonSecurity}},
	howpublished=
	{\url{https://krebsonsecurity.com/2013/10/adobe-breach-impacted-at-least-38-million-users/}},
	year={2013},
	note =	{Date accessed: 2021-09-09}
}
@misc{ebaybreach,
	title={{eBay faces investigations over massive data breach}},
	author={Jane Wakefield},
	journal={{BBC News UK}},
	howpublished=
	{\url{https://www.bbc.co.uk/news/technology-27539799}},
	year={2014},
	note =	{Date accessed: 2021-09-09}
}
@misc{linkedinbreach,
	title={{LinkedIn: 2012 data breach much worse than we thought}},
	author={Shanika Gunaratna},
	journal={{CBS News}},
	howpublished=
	{\url{https://www.cbsnews.com/news/linkedin-2012-data-breach-hack-much-worse-than-we-thought-passwords-emails/}},
	year={2016},
	note =	{Date accessed: 2021-09-09}
}
@misc{yahoobreach,
	title={{Yahoo says all three billion accounts hacked in 2013 data theft}},
	author={Stempel, Jonathan and Finkle, Jim},
	journal={{Reuters}},
	howpublished=
	{\url{https://www.reuters.com/article/us-yahoo-cyber/yahoo-says-all-three-billion-accounts-hacked-in-2013-data-theft-idUSKCN1C82O1}},
	year={2017},
	note =	{Date accessed: 2021-09-09}
}

@misc{solid,
	title={{The Solid Project}},
	author={Solid},
	howpublished={\url{https://solidproject.org/}},
	year={2017}
}

@misc{db2,
	title={{Federation: The Federated Database | IBM DB2}},
	author={IBM},
	howpublished={\url{https://www.ibm.com/support/producthub/db2/docs/content/SSEPGG_11.5.0/com.ibm.data.fluidquery.doc/topics/cfpint03.html}},
	year={2021},
	note =	{Date accessed: 2021-09-09}
}

@misc{comunica,
	title={{Querying Solid pods with Comunica}},
	author={Comunica},
	howpublished={\url{https://comunica.dev/docs/query/advanced/solid/}},
	year={2021},
	note =	{Date accessed: 2021-09-09}
}

@misc{epsilon,
	title={{The Epsilon Object Language (EOL)}},
	author={Epsilon},
	howpublished={\url{https://www.eclipse.org/epsilon/doc/eol/}},
	year={2021},
	note =	{Date accessed: 2021-09-09}
}

@misc{xrp-testnet,
	title={{XRPL Explorer | Ledger: Testnet Data}},
	author={XRPL},
	howpublished={\url{https://testnet.xrpl.org/}},
	year={2021},
	note = {Date accessed: 2021-09-12}
}

@misc{xrp-testnet,
	title={{XRPL Explorer | Ledger: Testnet Data}},
	author={XRPL},
	howpublished={\url{https://testnet.xrpl.org/}},
	year={2021},
	note = {Date accessed: 2021-09-12}
}

@misc{ilp-testnet,
	title={{Spin Up a Local ILP Network}},
	author={Interledger},
	howpublished={\url{https://interledger.org/developer-tools/get-started/spin-up/}},
	year={2021},
	note = {Date accessed: 2021-09-12}
}

@misc{vaultage-query,
	title={{vaultage/org.eclipse.epsilon.emc.vaultage.test/model/}},
	author={York-and-Maastricht-Data-Science-Group},
	howpublished={\url{https://github.com/York-and-Maastricht-Data-Science-Group/vaultage/tree/alfa/org.eclipse.epsilon.emc.vaultage.test/model}},
	year={2021},
	note = {Date accessed: 2021-09-13}
}

@misc{ethereum,
	title={{Welcome to Ethereum}},
	author={Ethereum},
	howpublished={\url{https://ethereum.org/en/}},
	year={2021},
	note = {Date accessed: 2021-09-13}
}

@misc{xrpl,
title={{The XRP Ledger: A Scalable, Sustainable Blockchain}},
author={XRPL},
howpublished={\url{https://xrpl.org/}},
year={2021},
note = {Date accessed: 2021-09-13}
}

@misc{interledger,
	title={{Interledger: An open and inclusive payments network that puts humanity first}},
	author={Interledger},
	howpublished={\url{https://interledger.org/}},
	year={2021},
	note = {Date accessed: 2021-09-13}
}

@misc{xrpl-escrow,
	title={{Use an Escrow as a Smart Contract}},
	author={XRPL},
	howpublished={\url{https://xrpl.org/use-an-escrow-as-a-smart-contract.html}},
	year={2021},
	note = {Date accessed: 2021-09-13}
}

@misc{xrpl-escrow,
	title={{Use an Escrow as a Smart Contract}},
	author={XRPL},
	howpublished={\url{https://xrpl.org/use-an-escrow-as-a-smart-contract.html}},
	year={2021},
	note = {Date accessed: 2021-09-13}
}

@misc{web3j,
	title={{Web3j: Web3 Java Ethereum Dapp API}},
	author={Web3j},
	howpublished={\url{https://github.com/web3j/web3j}},
	year={2021},
	note = {Date accessed: 2021-09-13}
}

@misc{xrpl4j,
	title={{Xrpl4j: XRP Ledger Java SDK}},
	author={Xrpl4j},
	howpublished={\url{https://github.com/XRPLF/xrpl4j}},
	year={2021},
	note = {Date accessed: 2021-09-13}
}

@misc{quilt,
	title={{Hyperledger Quilt}},
	author={Hyperledger},
	howpublished={\url{https://github.com/hyperledger/quilt}},
	year={2021},
	note = {Date accessed: 2021-09-13}
}

@misc{ganache,
	title={{Ganache: One Click Blockchain}},
	author={Truffle},
	howpublished={\url{https://www.trufflesuite.com/ganache}},
	year={2021},
	note = {Date accessed: 2021-09-13}
}

@misc{ropsten,
	title={{TESTNET Ropsten (ETH) Blockchain Explorer}},
	author={Etherscan},
	howpublished={\url{https://ropsten.etherscan.io/}},
	year={2021},
	note = {Date accessed: 2021-09-13}
}

@misc{grant-for-the-web,
	title={{Call for Proposals July 2021}},
	author={Grant For The Web},
	howpublished={\url{https://submit.grantfortheweb.org/submit/5260b658-9176-4c50-9208-874c2f778f1e/call-for-proposals-july-2021}},
	year={2021},
	note = {Date accessed: 2021-09-13}
}

@misc{xrp-settlement,
	title={{XRP On-Ledger Settlement Engine}},
	author={Interledger.js},
	howpublished={\url{https://github.com/interledgerjs/settlement-xrp}},
	year={2021},
	note = {Date accessed: 2021-09-13}
}

@misc{eth-settlement,
	title={{Interledger Settlement Engines}},
	author={Interledger.rs},
	howpublished={\url{https://github.com/interledger-rs/settlement-engines}},
	year={2021},
	note = {Date accessed: 2021-09-13}
}

@misc{interledger-rs,
	title={{Interledger.rs}},
	author={Interledger.rs},
	howpublished={\url{https://github.com/interledger-rs/interledger-rs}},
	year={2021},
	note = {Date accessed: 2021-09-13}
}

@misc{interledger-plugin,
	title={{Javascript Ledger Plugin Interface Version 2}},
	author={Interledger},
	howpublished={\url{https://interledger.org/rfcs/0024-ledger-plugin-interface-2/}},
	year={2021},
	note = {Date accessed: 2021-09-13}
}

@misc{interledger-plugin,
	title={{Javascript Ledger Plugin Interface Version 2}},
	author={Interledger},
	howpublished={\url{https://interledger.org/rfcs/0024-ledger-plugin-interface-2/}},
	year={2021},
	note = {Date accessed: 2021-09-13}
}

@misc{vaultage,
	title={{Vaultage}},
	author={York-and-Maastricht-Data-Science-Group
	},
	howpublished={\url{https://github.com/York-and-Maastricht-Data-Science-Group/vaultage}},
	year={2021},
	note = {Date accessed: 2021-09-13}
}

@misc{meindertsma2019web,
	title={{Web Monetization for Solid based Data Spaces â€” Grant Report 1}},
	author={
	Joep Meindertsma},
	howpublished={\url{https://community.webmonetization.org/wbsbds/web-monetization-for-solid-based-data-spaces-grant-report-1-4fal}},
	year={2021},
	note =	{Date accessed: 2021-09-09}
}

@inproceedings{becker2021monetising,
	title={Monetising Resources on a SoLiD Pod Using Blockchain Transactions},
	author={Becker, Hendrik and Vu, Hung and Katzenbach, Anett and Braun, Christoph H-J and K{\"a}fer, Tobias},
	booktitle={ESWC2021 Poster and Demo Track},
	year={2021},
	howpublished={\url{https://people.aifb.kit.edu/co1683/2021/eswc-demo-solibra/
	}}
}

@inproceedings{mun2010datavault,
	author = {Mun, Min and Hao, Shuai and Mishra, Nilesh and Shilton, Katie and Burke, Jeff and Estrin, Deborah and Hansen, Mark and Govindan, Ramesh},
	title = {Personal Data Vaults: A Locus of Control for Personal Data Streams},
	year = {2010},
	isbn = {9781450304481},
	publisher = {Association for Computing Machinery},
	address = {New York, NY, USA},
	url = {https://doi.org/10.1145/1921168.1921191},
	doi = {10.1145/1921168.1921191},
	booktitle = {Proceedings of the 6th International COnference},
	articleno = {17},
	numpages = {12},
	keywords = {privacy policy, personal participatory sensing},
	location = {Philadelphia, Pennsylvania},
	series = {Co-NEXT â€™10}
}